@article{thompson2022lammps,
  title={LAMMPS-a flexible simulation tool for particle-based materials modeling at the atomic, meso, and continuum scales},
  author={Thompson, Aidan P and Aktulga, H Metin and Berger, Richard and Bolintineanu, Dan S and Brown, W Michael and Crozier, Paul S and In't Veld, Pieter J and Kohlmeyer, Axel and Moore, Stan G and Nguyen, Trung Dac and others},
  journal={Computer Physics Communications},
  volume={271},
  pages={108171},
  year={2022},
  publisher={Elsevier}
}
